% http://scholar.google.hr -> " (ikona navodnici - citiraj) -> bibtex
@ONLINE {Spade,
    author = "Wikipedia ",
    title  = "Spade",
    month  = 12,
    year   = "2021",
    url = "https://hr.wikipedia.org/wiki/Spade"
}

@ONLINE {konacniAutomat,
    author = "Wikipedia ",
    title  = "Konačni automat",
    month  = 1,
    year   = "2022",
    url = "https://hr.wikipedia.org/w/index.php?title=Kona%C4%8Dni_automat"
}

@ONLINE {ispisInstalacijeSpade,
    author = "Jerry John Antolos ",
    title  = "Instalacija paketa SPADE",
    month  = 2,
    year   = "2022",
    url = " "
}

@ONLINE {ispisInstalacijeRequests,
    author = "Jerry John Antolos ",
    title  = "Instalacija paketa Requests",
    month  = 2,
    year   = "2022",
    url = " "
}

@ONLINE {ispisInstalacijeBeautifulsoup4,
    author = "Jerry John Antolos ",
    title  = "Instalacija paketa Beautifulsoup4",
    month  = 2,
    year   = "2022",
    url = " "
}

@ONLINE {idle,
    author = "Jerry John Antolos ",
    title  = "Python razvojno okruženje",
    month  = 2,
    year   = "2022",
    url = " "
}

@ONLINE {agentiKonacniAutomati,
    author = "Markus Schatten",
    title  = "Agenti sa sposobnošću deduktivnog rezoniranja",
    month  = 9,
    year   = "2021",
    url    = "https://elf.foi.hr/mod/resource/view.php?id=9050"
}

@InProceedings{10.1007/978-3-540-30104-2_7,
author="Enembreck, Fabr{\'i}cio
and Barth{\`e}s, Jean-Paul
and {\'A}vila, Braulio Coelho",
editor="Klusch, Matthias
and Ossowski, Sascha
and Kashyap, Vipul
and Unland, Rainer",
title="Personalizing Information Retrieval with Multi-agent Systems",
booktitle="Cooperative Information Agents VIII",
year="2004",
publisher="Springer Berlin Heidelberg",
address="Berlin, Heidelberg",
pages="77--91",
abstract="In this paper we evaluate the performance of MAIS, a multi-agent system for searching the Internet. The search for interesting documents on the Internet is becoming more and more difficult. Inference engines are largely outperformed by the expansion of the Internet and quite often the user is not satisfied with the results of a search. We believe that multi-agent systems can help to improve the user's satisfaction because in a multi-agent system (MAS) agents can be specialized in different tasks (search or filtering) and can personalize information. We implemented such an approach using an open MAS containing personal assistants, library agents, filter agents and search agents. In this paper we study the elements of our MAS and compare the performance of the system with traditional search engines taking the viewpoint of the user. Our results are much more accurate than standard search engines.",
isbn="978-3-540-30104-2"
}

@book{Russell2010AImodern,
  title = {Artificial {{Intelligence}}: {{A Modern Approach}}},
  author = {Russell, Stuart and Norvig, Peter},
  date = {2010},
  edition = {3},
  publisher = {{Prentice Hall}},
  location = {{New Jersey, USA}},
  issn = {0269-8889},
  editorb = {Russell, Stuart and Norvig, Peter},
  editorbtype = {redactor},
  isbn = {978-0-13-604259-4},
  keywords = {AI,MAS},
  mendeley-tags = {AI,MAS},
  pagetotal = {1132},
  series = {Prentice {{Hall Series}} in {{Artificial Intelligence}}}
}

@ONLINE{noauthor_multi-agent_nodate,
	title = {Multi-agent systems},
	url = {https://www.turing.ac.uk/research/interest-groups/multi-agent-systems},
	language = {en},
	urldate = {2022-06-09},
	journal = {The Alan Turing Institute},
	file = {Snapshot:C\:\\Users\\Anonymous\\Zotero\\storage\\NCS8KNPA\\multi-agent-systems.html:text/html},
}

@inproceedings{okresaduric2019ModellingFormingTemporary,
  title = {Modelling {{Forming}} of {{Temporary Coalitions}} in the {{Context}} of {{Massively Multiplayer Online Role}}-{{Playing Games}}},
  booktitle = {Proceedings of the {{Central European Conference}} on {{Information}} and {{Intelligent Systems}}},
  author = {Okre\v{s}a \DH uri\'c, Bogdan and Tomi\v{c}i\'c, Igor},
  editor = {Strahonja, Vjeran and Kirini\'c, Valentina},
  date = {2019-10-02/2019-10-04},
  pages = {7--12},
  publisher = {{Faculty of Organization and Informatics, University of Zagreb}},
  location = {{Vara\v{z}din, HR}},
  issn = {1848-2295},
  abstract = {This work presents coalition-forming methods within the environment of a massively multi-player online role-playing game (MMORPG), since coalitions, both of short- and long-spanned existence, are important for players of such a game genre insomuch that in some scenarios completing the long-term complex tasks (game quests) is not possible without using a coalition of players. The coalition-forming method based on the complementary skillsets is further enhanced with the recipeWorld, which can simulate the emergence of networks out of decentralized autonomous agent interaction. The ideas presented herein are tentative work, and are meant for showing the possible applications of coalition forming through the lens of recipeWorld modelling methods in multiagent systems (MAS) applied to MMORPG domain.},
  eventtitle = {Central {{European Conference}} on {{Information}} and {{Intelligent Systems}}},
  langid = {english}
}

@book{oraictolic2011AkademskoPismoStrategije,
  title = {Akademsko pismo: Strategije i tehnike klasi\v{c}ne retorike za suvremene studentice i studente},
  shorttitle = {Akademsko pismo},
  author = {Orai\'c Toli\'c, Dubravka},
  date = {2011},
  publisher = {{Naklada Ljevak}},
  location = {{Zagreb, HR}},
  url = {https://www.bib.irb.hr/538431},
  abstract = {Prvi dio knjige Povijest znanosti: Vrlo kratak pregled donosi sa\v{z}etu povijest zapadne znanosti od anti\v{c}kih temelja do suvremenosti, s naglaskom na kritikama znanosti s kraja 20. stolje\'ca i promjenama u znanju 21. stolje\'ca. Drugi dio, Retorika znanosti i akademsko pismo, osigurava teorijsko-metodolo\v{s}ke pretpostavke knjige. Tu se raspravlja o terminu, definicijama i klasifikacijama znanosti, o znanstvenim \v{z}anrovima, o temeljnim pojmovima klasi\v{c}ne retorike i suvremenoj retorici znanosti, koja je omogu\'cila definiciju akademskoga pisma i poslu\v{z}ila kao metodi\v{c}ki okvir knjige. Tre\'ci dio, Strategije i tehnike akademskoga pisma, pragmati\v{c}ne je naravi. To je glavni, najopse\v{z}niji dio knjige. Zami\v{s}ljen je kao tehni\v{c}ka pomo\'c u rje\v{s}avanju konkretnih zada\'ca u procesu znanstvenoga istra\v{z}ivanja i pisanja akademske proze. Podijeljen je u sedam poglavlja, a svako je od njih posve\'ceno odre\dj enomu retori\v{c}kom kanonu, dijelu kanona ili tehnikama pisanja: Pripreme za pisanje (Invencija), Struktura i dijelovi (Dispozicija), Odlomak i konektori (Argumentacija), Jezik i stil (Elokucija), Citiranje i citati (Memorija), Dva citatna stila (Velika mehanika) te napokon Posljednji koraci (zavr\v{s}na redakcija teksta). Osim s retori\v{c}kim kanonima studentice i studenti upoznaju se s modusima argumentacije (logos, etos i patos), tehnikama za oblikovanje kair\'os, st\'asis i t\'opoi, a posebna je pozornost posve\'cena citatnim stilovima i mehanici teksta.},
  isbn = {978-953-303-357-0},
  langid = {croatian},
  pagetotal = {681}
}